<?xml version="1.0" encoding="UTF-8"?><collection xmlns="http://www.loc.gov/MARC21/slim"><record><leader>00374nam--2200145-i-4500</leader><controlfield tag="001">000047183</controlfield><controlfield tag="002">20161230</controlfield><controlfield tag="005">20161230201046</controlfield><controlfield tag="008">060222s1000------------r-----000-0-eng-d</controlfield><datafield ind1=" " ind2=" " tag="080"><subfield code="a">51.01:159.9(092)</subfield></datafield><datafield ind1=" " ind2=" " tag="100"><subfield code="a">Weiner, Norbert</subfield></datafield><datafield ind1=" " ind2=" " tag="245"><subfield code="a">I am a mathematician. an autobiography</subfield></datafield><datafield ind1=" " ind2=" " tag="260"><subfield code="a">London, Gollancz, 1956, 380p</subfield></datafield><datafield ind1=" " ind2=" " tag="852"><subfield code="a">12738</subfield></datafield><datafield ind1=" " ind2=" " tag="CAT"><subfield code="a">Sys</subfield><subfield code="c">20080331</subfield><subfield code="h">134347</subfield></datafield></record></collection>